
@article{dickey1979distribution,
  title={Distribution of the estimators for autoregressive time series with a unit root},
  author={Dickey, David A and Fuller, Wayne A},
  journal={Journal of the American statistical association},
  volume={74},
  number={366a},
  pages={427--431},
  year={1979},
  publisher={Taylor \& Francis}
}
@article{kwiatkowski1992testing,
  title={Testing the null hypothesis of stationarity against the alternative of a unit root: How sure are we that economic time series have a unit root?},
  author={Kwiatkowski, Denis and Phillips, Peter CB and Schmidt, Peter and Shin, Yongcheol},
  journal={Journal of Econometrics},
  volume={54},
  number={1-3},
  pages={159--178},
  year={1992},
  publisher={Elsevier}
}
@article{durbin1951testing,
  title={Testing for serial correlation in least squares regression. II},
  author={Durbin, James and Watson, Geoffrey S},
  journal={Biometrika},
  volume={38},
  number={1/2},
  pages={159--177},
  year={1951},
  publisher={JSTOR}
}
@inproceedings{wodecki2018review,
  title={Review of smoothing methods for enhancement of noisy data from heavy-duty LHD mining machines},
  author={Wodecki, Jacek and Michalak, Anna and Stefaniak, Pawe{\l}},
  booktitle={E3S Web of Conferences},
  volume={29},
  year={2018},
  organization={EDP Sciences}
}
@article{wodecki2018optimal,
  title={Optimal filter design with progressive genetic algorithm for local damage detection in rolling bearings},
  author={Wodecki, Jacek and Michalak, Anna and Zimroz, Radoslaw},
  journal={Mechanical Systems and Signal Processing},
  volume={102},
  pages={102--116},
  year={2018},
  publisher={Elsevier}
}

@article{obuchowski2014selection,
  title={Selection of informative frequency band in local damage detection in rotating machinery},
  author={Obuchowski, Jakub and Wy{\l}oma{\'n}ska, Agnieszka and Zimroz, Rados{\l}aw},
  journal={Mechanical Systems and Signal Processing},
  volume={48},
  number={1-2},
  pages={138--152},
  year={2014},
  publisher={Elsevier}
}

@book{oppenheim1999discrete,
  title={Discrete-time signal processing},
  author={Oppenheim, Alan V},
  year={1999},
  publisher={Pearson Education India}
}
@article{zimroz2011measurement,
  title={Measurement of instantaneous shaft speed by advanced vibration signal processing-application to wind turbine gearbox},
  author={Zimroz, Rados{\l}aw and Urbanek, Jacek and Barszcz, Tomasz and Bartelmus, Walter and Millioz, Fabien and Martin, Nadine},
  journal={Metrology and Measurement Systems},
  volume={18},
  number={4},
  pages={701--712},
  year={2011},
  publisher={Versita}
}
@article{randall1982new,
  title={A new method of modeling gear faults},
  author={Randall, Robert},
  journal={Journal of Mechanical Design},
  volume={104},
  number={2},
  pages={259--267},
  year={1982},
  publisher={American Society of Mechanical Engineers}
}
@article{chaari2008effect,
  title={Effect of spalling or tooth breakage on gearmesh stiffness and dynamic response of a one-stage spur gear transmission},
  author={Chaari, Fakher and Baccar, Walid and Abbes, Mohamed Slim and Haddar, Mohamed},
  journal={European Journal of Mechanics-A/Solids},
  volume={27},
  number={4},
  pages={691--705},
  year={2008},
  publisher={Elsevier}
}
@article{antoni2002differential,
  title={Differential diagnosis of gear and bearing faults},
  author={Antoni, J{\'e}r{\^o}me and Randall, Robert},
  journal={Journal of Vibration and Acoustics},
  volume={124},
  number={2},
  pages={165--171},
  year={2002},
  publisher={American Society of Mechanical Engineers}
}
@article{antoni2003stochastic,
  title={A stochastic model for simulation and diagnostics of rolling element bearings with localized faults},
  author={Antoni, J{\'e}r{\^o}me and Randall, Robert},
  journal={Journal of vibration and acoustics},
  volume={125},
  number={3},
  pages={282--289},
  year={2003},
  publisher={American Society of Mechanical Engineers}
}

@article{ANTONI2006308,
title = "The spectral kurtosis: application to the vibratory surveillance and diagnostics of rotating machines",
journal = "Mechanical Systems and Signal Processing",
volume = "20",
number = "2",
pages = "308 - 331",
year = "2006",
issn = "0888-3270",
doi = "https://doi.org/10.1016/j.ymssp.2004.09.002",
url = "http://www.sciencedirect.com/science/article/pii/S0888327004001529",
author = "J{\'e}r{\^o}me Antoni and Robert Randall",
keywords = "Spectral kurtosis, Fault detection, Blind detection, Kurtogram"
}

@article{ANTONI2006282,
title = "The spectral kurtosis: a useful tool for characterising non-stationary signals",
journal = "Mechanical Systems and Signal Processing",
volume = "20",
number = "2",
pages = "282 - 307",
year = "2006",
issn = "0888-3270",
doi = "https://doi.org/10.1016/j.ymssp.2004.09.001",
url = "http://www.sciencedirect.com/science/article/pii/S0888327004001517",
author = "J{\'e}r{\^o}me Antoni",
keywords = "Spectral kurtosis, Non-stationary processes, Wold–Cramér decomposition, Transients detection"
}
@inproceedings{wodecki2017informative,
  title={Informative frequency band identification for automatic extraction of impulsive components in vibration data from rotating machinery},
  author={Wodecki, Jacek and Zimroz, Rados{\l}aw and Barszcz, Tomasz},
  journal={Vibroengineering PROCEDIA},
  volume={13},
  pages={109--114},
  year={2017},
  publisher={JVE International Ltd.}
}
@article{kruczek2017multiple,
 title={Multiple local damage detection in gearbox by novel coherent bi-frequency map and its spatial, cycle oriented enhancement},
 author={Kruczek, Piotr and Obuchowski, Jakub and Wylomanska, Agnieszka and Zimroz, Radoslaw},
 journal={Applied Acoustics},
 year={2017},
  publisher={Elsevier},
doi={10.1016/j.apacoust.2017.10.006}
}
@article{chaari2012gearbox,
  title={Gearbox vibration signal amplitude and frequency modulation},
  author={Chaari, Fakher and Bartelmus, Walter and Zimroz, Radoslaw and Fakhfakh, Tahar and Haddar, Mohamed},
  journal={Shock and Vibration},
  volume={19},
  number={4},
  pages={635--652},
  year={2012},
  publisher={IOS Press}
}

@article{antoni2006spectral,
  title={The spectral kurtosis: application to the vibratory surveillance and diagnostics of rotating machines},
  author={Antoni, J{\'e}r{\^o}me and Randall, Robert},
  journal={Mechanical Systems and Signal Processing},
  volume={20},
  number={2},
  pages={308--331},
  year={2006},
  publisher={Elsevier}
}
@article{michalak2017application,
 title={Application of cointegration to vibration signal for local damage detection in gearboxes},
 author={Michalak, Anna and Wodecki, Jacek and Wy{\l}oma{\'n}ska, Agnieszka and Zimroz, Rados{\l}aw},
 journal={Applied Acoustics},
 year={2017},
 publisher={Elsevier},
 doi={10.1016/j.apacoust.2017.08.024}
}
@article{wylomanska2016application,
  title={Application of tempered stable distribution for selection of optimal frequency band in gearbox local damage detection},
  author={Wylomanska, Agnieszka and {\.Z}ak, Grzegorz and Kruczek, Piotr and Zimroz, Radoslaw},
  journal={Applied Acoustics},
  volume={128},
  year={2016},
  pages={14--22},
  publisher={Elsevier}
}
@article{wodecki2017local,
  title={Local fault detection of rolling element bearing components by spectrogram clustering with semi-binary NMF},
  author={Wodecki, Jacek and Zdunek, Rafa{\l} and Wy{\l}oma{\'n}ska, Agnieszka and Zimroz, Rados{\l}aw},
  journal={Diagnostyka},
  volume={18},
  number={1},
  pages={3--8},
  issn={1641-6414},
  year={2017}
}
@article{zak2017measures,
  title={Measures of Dependence for-Stable Distributed Processes and Its Application to Diagnostics of Local Damage in Presence of Impulsive Noise},
  author={{\.Z}ak, Grzegorz and Teuerle, Marek and Wy{\l}oma{\'n}ska, Agnieszka and Zimroz, Rados{\l}aw},
  journal={Shock and Vibration},
  volume={2017},
  year={2017},
  number={1963769},
  publisher={Hindawi}
}
@article{daponte2003ieee,
  title={{IEEE} standard on transitions, pulses, and related waveforms},
  author={Daponte, Pasquale},
  year={2003}
}
@inproceedings{wodecki2017novel,
  title={Novel method of informative frequency band selection for vibration signal using nonnegative matrix factorization of short-time fourier transform},
  author={Wodecki, Jacek and Kruczek, Piotr and Wy{\l}oma{\'n}ska, Agnieszka and Bartkowiak, Anna and Zimroz, Rados{\l}aw},
  booktitle={Diagnostics for Electrical Machines, Power Electronics and Drives (SDEMPED), 2017 IEEE 11th International Symposium on},
  pages={129--133},
  year={2017},
  organization={IEEE}
}
@article{martin2007advanced,
  title={Advanced signal processing and condition monitoring},
  author={Martin, Nadine},
  journal={Insight-Non-Destructive Testing and Condition Monitoring},
  volume={49},
  number={8},
  pages={459--464},
  year={2007},
  publisher={The British Institute of Non-Destructive Testing}
}
